@article{Art1,
author = "S. Caboche, V. Leclère, M. Pupin, G. Kucherov, and P. Jacques",
title = "Diversity of Monomers in Nonribosomal Peptides : towards the Prediction of Origin and Biological Activity",
journal = "Journal of Bacteriology",
volume = "192",
year = "2010",
pages = "5143-5150",
publisher = "American Society for Microbiology"
}

@article{Art2,
author = "A. Abdo, S. Caboche, V. Leclère, P. Jacques, and M. Pupin",
title = "A new fingerprint to predict nonribosomal peptides activity",
journal = "J COmput Aided Mol Des",
volume = "26",
year = "2012",
pages = "1187-1194",
publisher = "Springer"
}

@article{Art3,
author = "S. Caboche, M. Pupin, V. Leclère, A. Fontaine, P. Jacques, and G. Kucherov",
title = "NORINE : a database of nonribosomal peptides",
journal = "Nucleic Acids Resaerch",
volume = "36",
year = "2007",
pages = "326-331",
publisher = ""
}
